@book{young1989,
   author = {Matt Young},
   city = {California},
   publisher = {Mill Valley, CA: University Science},
   title = {The Technical Writer's Handbook},
   url = {https://rb.gy/c2uc7},
   year = {1989},
}

@book{clerk1892,
   author = {James Clerk Maxwell},
   edition = {3rd},
   pages = {68-73},
   publisher = {Oxford: Clarendon},
   title = {A Treatise on Electricity and Magnetism},
   volume = {2},
   url = {https://rb.gy/b3s6j},
   year = {1892},
}

@article{jacobs1963,
   author = {I. S Jacobs and C. P Bean},
   journal = {G. T. Rado and H. Suhl, Eds. New York: Academic},
   pages = {271-350},
   title = {Fine particles, thin films and exchange anisotropy},
   volume = {3},
   year = {1963},
}
